@Book{thucydides1900,
  author = {Thucydides},
  title = {Thucydides Translated into English},
  edition = {2},
  translator = {Jowett, Benjamin},
  volume = {1},
  address = {London},
  publisher = {Clarendon Press},
  year = {1900}
}
@InBook{plato1919.1,
  title = {Euthyphro},
  crossref = {plato1919}
}
@Collection{plato1919,
  author = {Plato},
  title = {Euthyphro, Apology, Crito, Phaedo, Phaedrus},
  translator = {Fowler, H. N.},
  series = {The Loeb Classical Library},
  address = {London},
  publisher = {William Heinemann},
  year = {1919}
}
@InBook{plato1908.1,
  volume = {1},
  year = {1908},
  crossref = {plato1908}
}
@InBook{plato1908.2,
  volume = {2},
  year = {1908},
  crossref = {plato1908}
}
@Collection{plato1908,
  author = {Plato},
  title = {The Republic of Plato},
  translator = {Jowett, Benjamin},
  edition = {3},
  volumes = {2},
  address = {Oxford},
  publisher = {Clarendon Press},
  year = {1908}
}
@Book{aristotle1906,
  author = {Aristotle},
  title = {Nicomachean Ethics},
  translator = {Peters, F. H.},
  edition = {10},
  address = {London},
  publisher = {Kegan Paul, Trench, Tr\"{u}bner \& Co., Ltd.},
  year = {1906}
}
@InBook{laertius1925.2,
  volume = {2},
  year = {1925},
  crossref = {laertius1925}
}
@Collection{laertius1925,
  author = {Laertius, Diogenes},
  title = {Lives of the Eminent Philosophers},
  volumes = {2},
  series = {The Loeb Classical Library},
  translator = {Hicks, R. D.},
  address = {London},
  publisher = {William Heinemann},
  year = {1925}
}
@InBook{gellius1927.1,
  volume = {1},
  year = {1927},
  crossref = {gellius1927}
}
@Collection{gellius1927,
  author = {Gellius, Aulus},
  title = {The Attic Nights of Aulus Gellius},
  translator = {Rolfe, John C.},
  volumes = {3},
  series = {The Loeb Classical Library},
  address = {Cambridge, MA},
  publisher = {Harvard University Press},
  year = {1927}
}
@InCollection{seneca1928.1.3,
  title = {On Anger},
  pages = {106--355},
  crossref = {seneca1928.1}
}
@InBook{seneca1928.1,
  volume = {1},
  year = {1928},
  crossref = {seneca1928}
}
@Collection{seneca1928,
  author = {Seneca},
  title = {Moral Essays},
  translator = {Basore, John W.},
  volumes = {3},
  series = {The Loeb Classical Library},
  address = {London},
  publisher = {William Heinemann, Ltd.},
  year = {1928}
}
@InBook{anselm1903.1,
  title = {Proslogium},
  pages = {1--34},
  crossref = {anselm1903}
}
@Collection{anselm1903,
  author = {Anselm},
  title = {Proslogium; Monologium; An Appendix in Behalf of the Fool
           by Gaunilon; And Cur Deus Homo},
  translator = {Deane, Sidney Norton},
  address = {Chicago},
  publisher = {Open Court Publishing Company},
  year = {1903}
}
@Book{thomas1920,
  author = {Aquinas, Thomas},
  title = {The Summa Theologica of St. Thomas Aquinas},
  edition = {2},
  translator = {Fathers of the English Dominican Province},
  volume = {1},
  address = {London},
  publisher = {Burns Oates \& Washbourne Ltd.},
  year = {1920}
}
@InCollection{cassirer1948.4,
  author = {Petrarca, Francesco},
  title = {The Ascent of Mont Ventoux},
  pages = {36--46},
  crossref = {cassirer1948},
  translator = {Nachod, Hans}
}
@Collection{cassirer1948,
  title = {The Renaissance Philosophy of Man},
  editor = {Cassirer, Ernst and Kristeller, Paul Oskar and Randall,
            Jr., John	Herman},
  address = {Chicago},
  publisher = {University of Chicago Press},
  year = {1948}
}
@InBook{descartes1911.1.3,
  title = {Meditations on First Philosophy},
  crossref = {descartes1911.1}
}
@InBook{descartes1911.1,
  volume = {1},
  year = {1911},
  crossref = {descartes1911}
}
@Collection{descartes1911,
  author = {Descartes, Ren\'e},
  title = {The Philosophical Works of Descartes},
  translator = {Haldane, Elizabeth S. and Ross, G. R. T.},
  volumes = {2},
  address = {Cambridge},
  publisher = {Cambridge University Press},
  year = {1911}
}
@Book{hobbes1904,
  author = {Hobbes, Thomas},
  title = {Leviathan},
  editor = {Waller, A. R.},
  address = {Cambridge},
  publisher = {Cambridge University Press},
  year = {1904}
}
@Book{pascal1901,
  author = {Pascal, Blaise},
  title = {The Thoughts of Blaise Pascal},
  translator = {Paul, C. Kegan},
  address = {London},
  publisher = {George Bell and Sons},
  year = {1901}
}
@InCollection{spinoza1900.1.1.20,
  title = {That in a Free State Every Man May Think What He Likes, and Say What He Thinks},
  chapter = {20},
  crossref = {spinoza1900.1.1}
}
@InBook{spinoza1900.1.1,
  title = {A Theological-Political Treatise},
  crossref = {spinoza1900.1}
}
@Collection{spinoza1900.1,
  volume = {1},
  year = {1900},
  crossref = {spinoza1900}
}
@Collection{spinoza1900,
  author = {Spinoza, Benedict de},
  title = {The Chief Works of Benedict de Spinoza},
  edition = {rev. ed.},
  translator = {Elwes, R. H. M.},
  volumes = {2},
  address = {London},
  publisher = {George Bell and Sons},
  year = {1900}
}
@InCollection{locke1894.1.27,
  title = {Of Identity and Diversity},
  part = {bk. 2},
  chapter = {27},
  crossref = {locke1894.1}
}
@InBook{locke1894.1,
  volume = {1},
  year = {1894},
  crossref = {locke1894}
}
@Collection{locke1894,
  author = {Locke, John},
  title = {An Essay Concerning Human Understanding},
  editor = {Fraser, Alexander Campbell},
  volumes = {2},
  address = {Oxford},
  publisher = {Clarendon Press},
  year = {1894}
}
@Book{astell1730,
  author = {Mary Astell},
  title = {Some Reflections upon Marriage},
  edition = {4},
  address = {London},
  publisher = {Printed for William Parker},
  year = {1730}
}
@InBook{leibniz1918.3,
  title = {The Monadology},
  crossref = {leibniz1918}
}
@Collection{leibniz1918,
  author = {Leibniz, G. W.},
  title = {Discourse on Metaphysics, Correspondence with Arnauld, and Monadology},
  translator = {Montgomery, George R.},
  edition = {2},
  note = {revised by Albert R. Chandler},
  address = {Chicago},
  publisher = {The Open Court Publishing Company},
  year = {1918}
}
@InCollection{hume1889.1.18,
  title = {The Sceptic},
  pages = {213--31},
  crossref = {hume1889.1}
}
@InCollection{hume1889.1.23,
  title = {Of the Standard of Taste},
  pages = {266--84},
  crossref = {hume1889.1}
}
@Collection{hume1889.1,
  author = {Hume, David},
  title = {Essays},
  subtitle = {Moral, Political, and Literary},
  edition = {rev. ed.},
  editor = {Green, T. H. and Grose, T. H.},
  volume = {1},
  address = {London},
  publisher = {Longmans, Green, and Co.},
  year = {1889}
}
@InBook{rousseau1913.2,
  title = {A Discourse on the Arts and Sciences},
  crossref = {rousseau1913}
}
@Collection{rousseau1913,
  author = {Rousseau, Jean-Jacques},
  title = {The Social Contract and Discourses},
  translator = {Cole, G.\@ D.\@ H.\@},
  series = {Everyman's Library},
  address = {London},
  publisher = {J. M. Dent \& Sons, Ltd.},
  year = {1913}
}
@Book{beccaria1872,
  author = {Beccaria, Cesare},
  title = {An Essay on Crimes and Punishments},
  edition = {rev. ed.},
  address = {Albany, NY},
  publisher = {W. C. Little \& Co.},
  year = {1872}
}
@Article{jefferson1776,
  author = {Jefferson, Thomas},
  title = {Declaration of Independence},
  year = {1776},
  publisher = {National Archives},
  url = {http://www.archives.gov/exhibits/charters/declaration_transcript.html}
}
@InCollection{wollstonecraft1796.2,
  title = {The Prevailing Opinion of a Sexual Character Discussed},
  chapter = {2},
  crossref = {wollstonecraft1796}
}
@Book{wollstonecraft1796,
  author = {Mary Wollstonecraft},
  title = {A Vindication of the Rights of Woman},
  subtitle = {With Strictures on Political and Moral Subjects},
  edition = {3},
  address = {London},
  publisher = {Printed for J. Johnson},
  year = {1796}
}
@InBook{godwin1793.1,
  volume = {1},
  year = {1793},
  crossref = {godwin1793}
}
@Collection{godwin1793,
  author = {Godwin, William},
  title = {An Enquiry Concerning Political Justice and Its Influence
           on General Virtue and Happiness},
  volumes = {2},
  address = {London},
  publisher = {G. G. J. and J. Robinson},
  year = {1793}
}
@Book{paley1811,
  author = {Paley, William},
  title = {Natural Theology or, Evidences of the Existence and
           Attributes of the Deity, Collected from the Appearances of
           Nature},
  edition = {13},
  address = {London},
  publisher = {Printed for J. Faulder et al.},
  year = {1811}
}
@Book{tocqueville1898.1,
  author = {de Tocqueville, Alexis},
  title = {Democracy in America},
  translator = {Reeve, Henry},
  note = {as revised and annotated from the author's last edition by
          Francis Bowen},
  volume = {1},
  address = {New York},
  publisher = {The Century Co.},
  year = {1898}
}
@InCollection{emerson1903.2,
  title = {The American Scholar},
  pages = {79--115},
  crossref = {emerson1903}
}
@Collection{emerson1903,
  author = {Emerson, Ralph Waldo},
  title = {Nature, Addresses and Lectures},
  edition = {Centenary Edition},
  maintitle = {The Complete Works of Ralph Waldo Emerson},
  volume = {1},
  address = {Boston},
  publisher = {Houghton Mifflin Company},
  year = {1903}
}
@InCollection{stanton1889.1a,
  author = {Stanton, Elizabeth Cady},
  title = {Declaration of Sentiments},
  pages = {70--71},
  crossref = {stanton1889.1}
}
@InBook{stanton1889.1,
  volume = {1},
  year = {1889},
  crossref = {stanton1889}
}
@Collection{stanton1889,
  title = {History of Woman Suffrage},
  editor = {Stanton, Elizabeth Cady and Anthony, Susan B. and Gage,
            Matilda Joslyn},
  edition = {2},
  volumes = {3},
  address = {Rochester, NY},
  publisher = {Susan B. Anthony},
  year = {1889}
}
@InCollection{schopenhauer1913.1,
  title = {On the Sufferings of the World},
  pages = {11--30},
  crossref = {schopenhauer1913}
}
@Collection{schopenhauer1913,
  author = {Schopenhauer, Arthur},
  title = {Studies in Pessimism},
  translator = {Saunders, T. Bailey},
  subtitle = {A Series of Essays},
  address = {London},
  publisher = {George Allen \& Company, Ltd.},
  year = {1913}
}
@InCollection{douglass1857.30,
  title = {What to the Slave is the Fourth of July?},
  pages = {441--45},
  crossref = {douglass1857}
}
@Book{douglass1857,
  author = {Douglass, Frederick},
  title = {My Bondage and My Freedom},
  address = {New York},
  publisher = {Miller, Orton \& Co.},
  year = {1857}
}
@InCollection{mill1907.2,
  title = {What Utilitarianism Is},
  chapter = {2},
  crossref = {mill1907}
}
@Book{mill1907,
  author = {Mill, John Stuart},
  title = {Utilitarianism},
  edition = {15},
  address = {London},
  publisher = {Longmans, Green, and Co.},
  year = {1907}
}
@Collection{dailydemocrat1874,
  title = {An Account of the Proceedings on the Trial of Susan B.
           Anthony on the Charge of Illegal Voting},
  shorttitle = {The Trial of Susan B. Anthony},
  address = {Rochester, NY},
  publisher = {Daily Democrat and Chronicle Book Print},
  year = {1874}
}
@InCollection{stevenson1887.3,
  author = {Stevenson, Robert Louis},
  title = {An Apology for Idlers},
  pages = {107--27},
  crossref = {stevenson1887}
}
@Collection{stevenson1887,
  author = {Stevenson, Robert Louis},
  title = {Virginibus Puerisque and Other Papers},
  edition = {2},
  address = {London},
  publisher = {Chatto and Windus},
  year = {1887}
}
@Article{peirce1877,
  author = {Peirce, Charles Sanders},
  title = {The Fixation of Belief},
  journal = {Popular Science Monthly},
  volume = {12},
  date = {1871-11},
  pages = {1--15}
}
@Article{peirce1878,
  author = {Peirce, Charles Sanders},
  title = {How to Make Our Ideas Clear},
  journal = {Popular Science Monthly},
  volume = {12},
  date = {1878-01},
  pages = {286--302}
}
@Book{dostoevsky1922,
  author = {Dostoevsky, Fyodor},
  title = {The Brothers Karamazov},
  translator = {Garnett, Constance},
  address = {New York},
  publisher = {The Macmillan Company},
  year = {1922}
}
@InCollection{addams1910f,
  title = {Subjective Necessity for Social Settlements},
  chapter = {6},
  pages = {113--27},
  crossref = {addams1910}
}
@Collection{addams1910,
  author = {Addams, Jane},
  title = {Twenty Years at Hull House},
  subtitle = {With Autobiographical Notes},
  address = {New York},
  publisher = {The Macmillan Company},
  year = {1910}
}
@InCollection{addams1902.1,
  title = {Introduction},
  chapter = {1},
  crossref = {addams1902}
}
@Book{addams1902,
  author = {Addams, Jane},
  title = {Democracy and Social Ethics},
  address = {New York},
  publisher = {The Macmillan Company},
  year = {1902}
}
@InCollection{dubois1903.2,
  title = {Of Our Spiritual Strivings},
  pages = {1--12},
  crossref = {dubois1903}
}
@Collection{dubois1903,
  author = {Du Bois, W. E. B.},
  title = {The Souls of Black Folk},
  subtitle = {Essays and Sketches},
  edition = {3},
  address = {Chicago},
  publisher = {A. C. McClurg \& Co.},
  year = {1903}
}
@InCollection{goldman1917.1,
  title = {Anarchism},
  pages = {53--73},
  crossref = {goldman1917},
  subtitle = {What It Really Stands For}
}
@InCollection{goldman1917.11,
  title = {The Tragedy of Woman's Emancipation},
  pages = {219--31},
  crossref = {goldman1917}
}
@Collection{goldman1917,
  author = {Goldman, Emma},
  title = {Anarchism and Other Essays},
  edition = {3},
  address = {New York},
  publisher = {Mother Earth Publishing Association},
  year = {1917}
}
@InCollection{james1908.2,
  title = {What Pragmatism Means},
  pages = {43--81},
  crossref = {james1908}
}
@Collection{james1908,
  author = {James, Williams},
  title = {Pragmatism},
  subtitle = {A New Name for Some Old Ways of Thinking},
  address = {New York},
  publisher = {Longmans, Green, and Co.},
  year = {1908}
}
@InCollection{unamuno1924.14,
  title = {My Religion},
  pages = {154--62},
  crossref = {unamuno1924}
}
@Collection{unamuno1924,
  author = {Unamuno, Miguel de},
  title = {Essays and Soliloquies},
  translator = {Flitch, J. E. Crawford},
  address = {New York},
  publisher = {Alfred A. Knopf, Inc.},
  year = {1924}
}
@InCollection{unamuno1921.3,
  title = {The Hunger of Immortality},
  chapter = {3},
  crossref = {unamuno1921}
}
@Book{unamuno1921,
  author = {Unamuno, Miguel de},
  title = {Tragic Sense of Life},
  translator = {Flitch, J. E. Crawford},
  address = {London},
  publisher = {Macmillan and Co., Limited},
  year = {1921}
}
@InCollection{russell1912.15,
  title = {The Value of Philosophy},
  pages = {237--50},
  crossref = {russell1912}
}
@Collection{russell1912,
  author = {Russell, Bertrand},
  title = {The Problems of Philosophy},
  address = {London},
  publisher = {Williams \& Norgate},
  year = {1912}
}
@InCollection{dewey1922.4.4,
  title = {Morality is Social},
  pages = {314--32},
  crossref = {dewey1922}
}
@Collection{dewey1922,
  author = {Dewey, John},
  title = {Human Nature and Conduct},
  subtitle = {An Introduction to Social Psychology},
  address = {New York},
  publisher = {Henry Holt and Company},
  year = {1922}
}
@InCollection{twain1923.34,
  title = {The War Prayer},
  pages = {394--8},
  crossref = {twain1923}
}
@Collection{twain1923,
  author = {Twain, Mark},
  title = {Europe and Elsewhere},
  series = {The Complete Works of Mark Twain},
  address = {New York},
  publisher = {Harper and Brothers},
  year = {1923}
}
